<?xml version="1.0" encoding="UTF-8"?><collection xmlns="http://www.loc.gov/MARC21/slim"><record><leader>00476nam--2200181-i-4500</leader><controlfield tag="001">000022913</controlfield><controlfield tag="002">20161230</controlfield><controlfield tag="005">20161230201034</controlfield><controlfield tag="008">060222s1000------------r-----000-0-eng-d</controlfield><datafield ind1=" " ind2=" " tag="040"><subfield code="a">IFIN-HH</subfield></datafield><datafield ind1=" " ind2=" " tag="080"><subfield code="a">539.12:530.145.6/(075.8)</subfield></datafield><datafield ind1="1" ind2=" " tag="100"><subfield code="a">Ingram, D. J. E</subfield></datafield><datafield ind1="1" ind2="0" tag="245"><subfield code="a">Radiation and quantum physics</subfield><subfield code="c">D.j.e. ingram</subfield></datafield><datafield ind1=" " ind2=" " tag="260"><subfield code="a">Oxford</subfield><subfield code="b">Clarendon Press</subfield><subfield code="c">1973</subfield></datafield><datafield ind1=" " ind2=" " tag="300"><subfield code="a">105P</subfield></datafield><datafield ind1=" " ind2=" " tag="490"><subfield code="a">Oxford Physics Series</subfield></datafield><datafield ind1=" " ind2=" " tag="852"><subfield code="a">43083</subfield><subfield code="c">53</subfield></datafield><datafield ind1=" " ind2=" " tag="CAT"><subfield code="a">Sys</subfield><subfield code="c">20150324</subfield><subfield code="h">085335</subfield></datafield></record></collection>